@book{helstrom1976quantum,
  title={Quantum detection and estimation theory},
  author={Helstrom, Carl W},
  year={1976},
  publisher={Academic press}
}

@article{helstrom1967detection,
  title={Detection theory and quantum mechanics},
  author={Helstrom, Carl W},
  journal={Information and Control},
  volume={10},
  number={3},
  pages={254--291},
  year={1967},
  publisher={Elsevier}
}

@article{gisin2007quantum,
  title={Quantum communication},
  author={Gisin, Nicolas and Thew, Rob},
  journal={Nature photonics},
  volume={1},
  number={3},
  pages={165--171},
  year={2007},
  publisher={Nature Publishing Group}
}

@article{ladd2010quantum,
  title={Quantum computers},
  author={Ladd, Thaddeus D and Jelezko, Fedor and Laflamme, Raymond and Nakamura, Yasunobu and Monroe, Christopher and O’Brien, Jeremy L},
  journal={Nature},
  volume={464},
  number={7285},
  pages={45--53},
  year={2010},
  publisher={Nature Publishing Group}
}

@article{hausladen1996classical,
  title={Classical information capacity of a quantum channel},
  author={Hausladen, Paul and Jozsa, Richard and Schumacher, Benjamin and Westmoreland, Michael and Wootters, William K},
  journal={Physical Review A},
  volume={54},
  number={3},
  pages={1869},
  year={1996},
  publisher={APS}
}

@article{jinno2007networks,
  title={Networks: Optical-transport networks in 2015},
  author={Jinno, Masahiko and Miyamoto, Yutaka and Hibino, Yoshinori},
  journal={nature photonics},
  volume={1},
  number={3},
  pages={157--159},
  year={2007},
  publisher={Nature Publishing Group}
}
@article{tsukamoto2006unrepeated,
  title={Unrepeated transmission of 20-Gb/s optical quadrature phase-shift-keying signal over 200-km standard single-mode fiber based on digital processing of homodyne-detected signal for group-velocity dispersion compensation},
  author={Tsukamoto, Satoshi and Katoh, Kazuhiro and Kikuchi, Kazuro},
  journal={Photonics Technology Letters, IEEE},
  volume={18},
  number={9},
  pages={1016--1018},
  year={2006},
  publisher={IEEE}
}

@book{hemmati2006deep,
  title={Deep space optical communications},
  author={Hemmati, Hamid},
  volume={11},
  year={2006},
  publisher={John Wiley \& Sons}
}




@article{yuen1975optimum,
  title={Optimum testing of multiple hypotheses in quantum detection theory},
  author={Yuen, Horace P and Kennedy, Robert S and Lax, Melvin},
  journal={Information Theory, IEEE Transactions on},
  volume={21},
  number={2},
  pages={125--134},
  year={1975},
  publisher={IEEE}
}

@article{eldar2003designing,
  title={Designing optimal quantum detectors via semidefinite programming},
  author={Eldar, Yonina C and Megretski, Alexandre and Verghese, George C},
  journal={Information Theory, IEEE Transactions on},
  volume={49},
  number={4},
  pages={1007--1012},
  year={2003},
  publisher={IEEE}
}

@techreport{kennedy1973near,
  title={A near-optimum receiver for the binary coherent state quantum channel. Massachusetts Institute of Technology, Cambridge (MA)},
  author={Kennedy, RS},
  institution={Technical Report January 1973, MIT Research Laboratory of Electronics Quarterly Progress Report 108}
}
@techreport{dolinar1973optimum,
  title={An optimum receiver for the binary coherent state quantum channel, Massachusetts Institute of Technology, Cambridge (MA)},
  author={Dolinar, SJ},
  institution={Technical Report, October 1973, MIT Research Laboratory of Electronics, Quarterly Progress Report 111}
}

@article{cook2007optical,
  title={Optical coherent state discrimination using a closed-loop quantum measurement},
  author={Cook, Robert L and Martin, Paul J and Geremia, John M},
  journal={Nature},
  volume={446},
  number={7137},
  pages={774--777},
  year={2007},
  publisher={Nature Publishing Group}
}

@article{bondurant1993near,
  title={Near-quantum optimum receivers for the phase-quadrature coherent-state channel},
  author={Bondurant, Roy S},
  journal={Optics letters},
  volume={18},
  number={22},
  pages={1896--1898},
  year={1993},
  publisher={Optical Society of America}
}

@article{muller2012quadrature,
  title={Quadrature phase shift keying coherent state discrimination via a hybrid receiver},
  author={M{\"u}ller, Christian R and Usuga, Mario A and Wittmann, Christoffer and Takeoka, Masahiro and Marquardt, Ch and Andersen, Ulrik L and Leuchs, Gerd},
  journal={New Journal of Physics},
  volume={14},
  number={8},
  pages={083009},
  year={2012},
  publisher={IOP Publishing}
}

@inproceedings{muller2014qpsk,
  title={QPSK Receiver outperforming the Standard Quantum Limit for any Signal Power},
  author={M{\"u}ller, Christian R and Leuchs, Gerd and Marquardt, Christoph},
  booktitle={CLEO: QELS\_Fundamental Science},
  pages={FM3A--6},
  year={2014},
  organization={Optical Society of America}
}

@inproceedings{muller2014m,
  title={M-ary phase shift keying receiver beating the standard quantum limit for any signal power},
  author={Muller, Christian R and Leven, Andreas and Bulow, Henning and Schmalen, Laurent and Leuchs, Gerd and Marquardt, Christoph},
  booktitle={Optical Communication (ECOC), 2014 European Conference on},
  pages={1--3},
  year={2014},
  organization={IEEE}
}

@article{becerra2011m,
  title={M-ary-state phase-shift-keying discrimination below the homodyne limit},
  author={Becerra, FE and Fan, J and Baumgartner, G and Polyakov, SV and Goldhar, J and Kosloski, JT and Migdall, A},
  journal={Physical Review A},
  volume={84},
  number={6},
  pages={062324},
  year={2011},
  publisher={APS}
}
@article{becerra2013experimental,
  title={Experimental demonstration of a receiver beating the standard quantum limit for multiple nonorthogonal state discrimination},
  author={Becerra, FE and Fan, J and Baumgartner, G and Goldhar, J and Kosloski, JT and Migdall, A},
  journal={Nature Photonics},
  volume={7},
  number={2},
  pages={147--152},
  year={2013},
  publisher={Nature Publishing Group}
}

@article{izumi2012displacement,
  title={Displacement receiver for phase-shift-keyed coherent states},
  author={Izumi, Shuro and Takeoka, Masahiro and Fujiwara, Mikio and Dalla Pozza, Nicola and Assalini, Antonio and Ema, Kazuhiro and Sasaki, Masahide},
  journal={Physical Review A},
  volume={86},
  number={4},
  pages={042328},
  year={2012},
  publisher={APS}
}

@article{izumi2013quantum,
  title={Quantum receivers with squeezing and photon-number-resolving detectors for M-ary coherent state discrimination},
  author={Izumi, Shuro and Takeoka, Masahiro and Ema, Kazuhiro and Sasaki, Masahide},
  journal={Physical Review A},
  volume={87},
  number={4},
  pages={042328},
  year={2013},
  publisher={APS}
}

@article{li2013suppressing,
  title={Suppressing the errors due to mode mismatch for M-ary PSK quantum receivers using photon-number-resolving detector},
  author={Li, Ke and Zuo, Yuan and Zhu, Bing},
  journal={IEEE Photonics Technology Letters},
  volume={25},
  pages={2182--2184},
  year={2013}
}
@article{becerra2015photon,
  title={Photon number resolution enables quantum receiver for realistic coherent optical communications},
  author={Becerra, FE and Fan, J and Migdall, A},
  journal={Nature Photonics},
  volume={9},
  number={1},
  pages={48--53},
  year={2015},
  publisher={Nature Publishing Group}
}


@phdthesis{李科2014,
  title={空间光通信系统中量子接收机的设计与分析},
  author={李科},
  year={2014},
  school={中国科学技术大学}
}

@article{dolinar1982near,
  title={A near-optimum receiver structure for the detection of M-ary optical PPM signals},
  author={Dolinar Jr, SJ},
  journal={The Telecommunications and Data Acquisition Progress Report 42-72, October--December 1982},
  pages={30--42},
  year={1982}
}

@article{chen2012optical,
  title={Optical codeword demodulation with error rates below the standard quantum limit using a conditional nulling receiver},
  author={Chen, Jian and Habif, Jonathan L and Dutton, Zachary and Lazarus, Richard and Guha, Saikat},
  journal={Nature Photonics},
  volume={6},
  number={6},
  pages={374--379},
  year={2012},
  publisher={Nature Publishing Group}
}

@article{holevo1996capacity,
  title={The capacity of quantum channel with general signal states},
  author={Holevo, Alexander S},
  journal={arXiv preprint quant-ph/9611023},
  year={1996}
}


@article{wilde2013polar,
  title={Polar codes for classical-quantum channels},
  author={Wilde, Mark M and Guha, Saikat},
  journal={Information Theory, IEEE Transactions on},
  volume={59},
  number={2},
  pages={1175--1187},
  year={2013},
  publisher={IEEE}
}
@inproceedings{guha2012polar,
  title={Polar coding to achieve the Holevo capacity of a pure-loss optical channel},
  author={Guha, Saikat and Wilde, Mark M},
  booktitle={Information Theory Proceedings (ISIT), 2012 IEEE International Symposium on},
  pages={546--550},
  year={2012},
  organization={IEEE}
}
@article{giovannetti2012achieving,
  title={Achieving the Holevo bound via sequential measurements},
  author={Giovannetti, Vittorio and Lloyd, Seth and Maccone, Lorenzo},
  journal={Physical Review A},
  volume={85},
  number={1},
  pages={012302},
  year={2012},
  publisher={APS}
}

@article{dalla2014adaptive,
  title={Adaptive discrimination scheme for quantum pulse-position-modulation signals},
  author={Dalla Pozza, Nicola and Laurenti, Nicola},
  journal={Physical Review A},
  volume={89},
  number={1},
  pages={012339},
  year={2014},
  publisher={APS}
}

@article{guha2011approaching,
  title={Approaching Helstrom limits to optical pulse-position demodulation using single photon detection and optical feedback},
  author={Guha, Saikat and Habif, Jonathan L and Takeoka, M},
  journal={Journal of Modern Optics},
  volume={58},
  number={3-4},
  pages={257--265},
  year={2011},
  publisher={Taylor \& Francis}
}